@online{cyberbotics,
    title = {Cyberbotics},
    year = {2019},
    url = {https://cyberbotics.com}
}
@online{python-docs,
    title = {Python},
    year = {2019},
    url = {https://docs.python.org}
}
@article{szabo,
author = {Szabó, Richárd},
year = {2003},
month = {01},
pages = {},
title = {Navigation of simulated mobile robots in the Webots environment},
volume = {47},
journal = {Periodica Polytechnica, Electrical Engineering}
}
@article{thrun-1,
author = {Thrun, Sebastian},
year = {1998},
month = {02},
pages = {21-71},
title = {Learning metric-topological maps for indoor mobile robot navigation},
volume = {99},
journal = {Artificial Intelligence}
}
@book{Raschka:2015:PML:2886323,
 author = {Raschka, Sebastian},
 title = {Python Machine Learning},
 year = {2015},
 publisher = {Packt Publishing},
}